@article{chen2016node,
  title={Node immunization on large graphs: Theory and algorithms},
  author={Chen, Chen and Tong, Hanghang and Prakash, B Aditya and Tsourakakis, Charalampos E and Eliassi-Rad, Tina and Faloutsos, Christos and Chau, Duen Horng},
  journal={IEEE Transactions on Knowledge and Data Engineering},
  volume={28},
  number={1},
  pages={113--126},
  year={2016},
  publisher={IEEE}
}

@article{chakrabarti2008epidemic,
  title={Epidemic thresholds in real networks},
  author={Chakrabarti, Deepayan and Wang, Yang and Wang, Chenxi and Leskovec, Jurij and Faloutsos, Christos},
  journal={ACM Transactions on Information and System Security (TISSEC)},
  volume={10},
  number={4},
  pages={1},
  year={2008},
  publisher={ACM}
}

@article{li2013epidemic,
  title={Epidemic threshold in directed networks},
  author={Li, Cong and Wang, Huijuan and Van Mieghem, Piet},
  journal={Physical Review E},
  volume={88},
  number={6},
  pages={062802},
  year={2013},
  publisher={APS}
}

@article{plaat,
  title={Data science and Ebola},
  journal={Inaugural Lecture},
  author={Aske Plaat},
  year={2015}
}

@article{deb2002fast,
  title={A fast and elitist multiobjective genetic algorithm: {N}{S}{G}{A}{-}{I}{I}},
  author={Deb, Kalyanmoy and Pratap, Amrit and Agarwal, Sameer and Meyarivan, TAMT},
  journal={IEEE transactions on evolutionary computation},
  volume={6},
  number={2},
  pages={182--197},
  year={2002},
  publisher={IEEE}
}

@inproceedings{emmerich2005emo,
  title={An {EMO} algorithm using the hypervolume measure as selection criterion},
  author={Emmerich, Michael and Beume, Nicola and Naujoks, Boris},
  booktitle={International Conference on Evolutionary Multi-Criterion Optimization},
  pages={62--76},
  year={2005},
  organization={Springer}
}

@inproceedings{Fonseca96a,
   author = {Carlos M. Fonseca and Peter J. Fleming},
   address = {Berlin, Germany},
   booktitle = {Parallel Problem Solving from Nature---PPSN IV},
   editor = {Hans-Michael Voigt and Werner Ebeling and Ingo Rechenberg and Hans-Paul Schwefel},
   key = {Fonseca and Fleming, 1996a},
   OPTmonth = {September},
   pages = {584--593},
   publisher = {Springer-Verlag},
   series = {Lecture Notes in Computer Science},
   title = {On the {P}erformance {A}ssessment and {C}omparison of {S}tochastic {M}ultiobjective {O}ptimizers},
   year = {1996}
}

 @book{KaisaNMO,
    author = {Kaisa Miettinen},
    title = {Nonlinear multiobjective optimization},
    year = 2012,
    volume = 4,
    publisher = {Springer Science \& Business Media}
 }
 
 @inproceedings{maulana2017immunization,
  title={Immunization of networks using genetic algorithms and multiobjective metaheuristics},
  author={Maulana, Asep and Kefalas, Marios and Emmerich, M T M},
  booktitle={2017 IEEE Symposium Series on Computational Intelligence (SSCI)},
  pages={1--8},
  year={2017},
  organization={IEEE}
}
