@article{chen2016node,
  title={Node immunization on large graphs: Theory and algorithms},
  author={Chen, Chen and Tong, Hanghang and Prakash, B Aditya and Tsourakakis, Charalampos E and Eliassi-Rad, Tina and Faloutsos, Christos and Chau, Duen Horng},
  journal={IEEE Transactions on Knowledge and Data Engineering},
  volume={28},
  number={1},
  pages={113--126},
  year={2016},
  publisher={IEEE}
}

@article{chakrabarti2008epidemic,
  title={Epidemic thresholds in real networks},
  author={Chakrabarti, Deepayan and Wang, Yang and Wang, Chenxi and Leskovec, Jurij and Faloutsos, Christos},
  journal={ACM Transactions on Information and System Security (TISSEC)},
  volume={10},
  number={4},
  pages={1},
  year={2008},
  publisher={ACM}
}

@article{walker2008lower,
  title={On lower bounds for the largest eigenvalue of a symmetric matrix},
  author={Walker, Stephen G and Van Mieghem, P},
  journal={Linear Algebra and its Applications},
  volume={429},
  number={2-3},
  pages={519--526},
  year={2008},
  publisher={North-Holland}
}

@inproceedings{maulana2017immunization,
  title={Immunization of networks using genetic algorithms and multiobjective metaheuristics},
  author={Maulana, Asep and Kefalas, Marios and Emmerich, M T M},
  booktitle={2017 IEEE Symposium Series on Computational Intelligence (SSCI)},
  pages={1--8},
  year={2017},
  organization={IEEE}
}

@article{deb2002fast,
  title={A fast and elitist multiobjective genetic algorithm: {N}{S}{G}{A}{-}{I}{I}},
  author={Deb, Kalyanmoy and Pratap, Amrit and Agarwal, Sameer and Meyarivan, TAMT},
  journal={IEEE transactions on evolutionary computation},
  volume={6},
  number={2},
  pages={182--197},
  year={2002},
  publisher={IEEE}
}

@inproceedings{emmerich2005emo,
  title={An {EMO} algorithm using the hypervolume measure as selection criterion},
  author={Emmerich, Michael and Beume, Nicola and Naujoks, Boris},
  booktitle={International Conference on Evolutionary Multi-Criterion Optimization},
  pages={62--76},
  year={2005},
  organization={Springer}
}

@inproceedings{Fonseca96a,
   author = {Carlos M. Fonseca and Peter J. Fleming},
   address = {Berlin, Germany},
   booktitle = {Parallel Problem Solving from Nature---PPSN IV},
   editor = {Hans-Michael Voigt and Werner Ebeling and Ingo Rechenberg and Hans-Paul Schwefel},
   key = {Fonseca and Fleming, 1996a},
   OPTmonth = {September},
   pages = {584--593},
   publisher = {Springer-Verlag},
   series = {Lecture Notes in Computer Science},
   title = {On the {P}erformance {A}ssessment and {C}omparison of {S}tochastic {M}ultiobjective {O}ptimizers},
   year = {1996}
}

@incollection{Fonseca01,
   author = {Viviane Grunert da Fonseca and Carlos M. Fonseca
   and Andreia O. Hall},
   key = {Fonseca et al., 2001},
   booktitle = {First International Conference on 
	Evolutionary Multi-Criterion Optimization},
   title = {Inferential {P}erformance {A}ssessment of
   {S}tochastic {O}ptimisers and the {A}ttainment
   {F}unction},
   editor = {Eckart Zitzler and Kalyanmoy Deb and Lothar Thiele
	and Carlos A. Coello Coello and David Corne},
   publisher = {Springer-Verlag. Lecture Notes in Computer
	Science No. 1993},
   pages = {213--225},
   year = {2001}
}

 @misc{gurobi,
   author = {{Gurobi Optimization, LLC}},
   title = {Gurobi Optimizer Reference Manual, \textit{www.gurobi.com}},
   year = {2018},
   url = {http://www.gurobi.com}
 }
 
 @book{KaisaNMO,
    author = {Kaisa Miettinen},
    title = {Nonlinear multiobjective optimization},
    year = 2012,
    volume = 4,
    publisher = {Springer Science \& Business Media}
 }
 
 @article{emmerich2018tutorial,
  title={A tutorial on multiobjective optimization: fundamentals and evolutionary methods},
  author={Emmerich, M T M and Deutz, Andr{\'e} H},
  journal={Natural computing},
  volume={17},
  number={3},
  pages={585--609},
  year={2018},
  publisher={Springer}
}

@article{li2013epidemic,
  title={Epidemic threshold in directed networks},
  author={Li, Cong and Wang, Huijuan and Van Mieghem, Piet},
  journal={Physical Review E},
  volume={88},
  number={6},
  pages={062802},
  year={2013},
  publisher={APS}
}

@article{zachary1977information,
  title={An information flow model for conflict and fission in small groups},
  author={Zachary, Wayne W},
  journal={Journal of anthropological research},
  volume={33},
  number={4},
  pages={452--473},
  year={1977},
  publisher={University of New Mexico}
}

@article{lusseau2003bottlenose,
  title={The bottlenose dolphin community of Doubtful Sound features a large proportion of long-lasting associations},
  author={Lusseau, David and Schneider, Karsten and Boisseau, Oliver J and Haase, Patti and Slooten, Elisabeth and Dawson, Steve M},
  journal={Behavioral Ecology and Sociobiology},
  volume={54},
  number={4},
  pages={396--405},
  year={2003},
  publisher={Springer}
}

@book{pandemicref,
  title={Pandemic. [Board game]},
  author={Matt Leacock},
  publisher={Z-Man Games},
  address={Mahopac, NY},
  year=2008
  }
  
@article{confref,
  title = {What's in a Crowd? Analysis of Face-to-Face Behavioral Networks},
  journal = {Journal of Theoretical Biology},
  volume = 271,
  number = 1,
  pages = {166--180},
  year = 2011,
  issn = {0022-5193},
  doi = {DOI: 10.1016/j.jtbi.2010.11.033},
  url = {http://www.sciencedirect.com/science/article/B6WMD-51M60KS-2/2/cb31bee32b340b3044c724b88779a60e},
  author = {Isella, Lorenzo and Stehlé, Juliette and Barrat, Alain and Cattuto, Ciro and
    Pinton, {Jean-François} and {Van den Broeck}, Wouter},
  keywords = {SocioPatterns}
}

@article{usaref,
 title={Static and Dynamic Network Visualization with {R}},
 journal={http://www.kateto.net/network-visualization},
 year=2017,
 author={Ognyanova, Katherine},
 note={Accessed May 2019} 
}

@book{BackBook,
 author = {B\"{a}ck, Thomas},
 title = {Evolutionary Algorithms in Theory and Practice: Evolution Strategies, Evolutionary Programming, Genetic Algorithms},
 year = {1996},
 isbn = {0-19-509971-0},
 publisher = {Oxford University Press, Inc.},
 address = {New York, NY, USA},
} 

@book{van2016random,
  title={Random graphs and complex networks},
  author={Van Der Hofstad, Remco},
  volume={1},
  year={2016},
  publisher={Cambridge University Press}
}

@book{Draief,
 author = {Draief, Moez and Massouli, Laurent},
 title = {Epidemics and Rumours in Complex Networks},
 year = {2010},
 isbn = {0521734436, 9780521734431},
 edition = {1st},
 publisher = {Cambridge University Press},
 address = {New York, NY, USA}
} 

@book{thai2011handbook,
  title={Handbook of optimization in complex networks: theory and applications},
  author={Thai, My T and Pardalos, Panos M},
  volume={57},
  year={2011},
  publisher={Springer science \& business media}
}

@article{plaat,
  title={Data science and Ebola},
  journal={Inaugural Lecture},
  author={Aske Plaat},
  year={2015}
}
